%
% references.bib -- Bibliography file for the paper kettenbruch
%
% (c) 2020 Autor, Hochschule Rapperswil
%
@online{kettenbruch:bibtex,
	title = {BibTeX},
	url = {https://de.wikipedia.org/wiki/BibTeX},
	date = {2020-02-06},
	year = {2020},
	month = {2},
	day = {6}
}

@book{kettenbruch:numerical-analysis,
	title = {Numerical Analysis},
	author = {David Kincaid and Ward Cheney},
	publisher = {American Mathematical Society},
	year = {2002},
	isbn = {978-8-8218-4788-6},
	inseries = {Pure and applied undegraduate texts},
	volume = {2}
}

@book{kettenbruch:euler,
        author = { Leonhard Euler },
        title = { De fractionibus continuis dissertatio },
        publisher = { Commentarii academiae scientiarum Petropolitanae},
        year = 1744,
        volume = 14,
        pages = {187--215}
}
	
@online{kettenbruch:kettenbrueche,
	title = {Kettenbrüche},
	url = {https://de.wikipedia.org/wiki/Kettenbruch},
	date = {2020-07-01},
	year = {2020},
	month = {7},
	day = {1}
}
	
@online{kettenbruch:proseminar,
	title = {Kettenbrüche},
	url = {https://www.mathi.uni-heidelberg.de/~thaeter/anasem08/Kettenbruch2.pdf},
	date = {2008},
	year = {2008},
	month = {?},
	day = {?}
	}
	
@book{kettenbruch:perron,
	title = {Die Lehre von den Kettenbrüchen},
	author = {Perron, Oskar},
	publisher = {Springer Fachmedien Wiesbaden},
	year = {1977},
	isbn = {978-3-663-12289-0},
	inseries = {verbesserte und erw. Auflage},
	band = {1}
	}
	
@book{kettenbruch:numerisch,
	title = {Übersehene numerische Aspekte in der Geschichte der Kettenbrüche},
	author = {Bauer, Friedrich L. - Haenel, Christoph},
	publisher = {Bayerischen Akademie der Wissenschaften},
	year = {2007},
	isbn = {978-3-7696-0966-0},
	inseries = {Neue Folge},
	heft = {174}
}
	
@online{kettenbruch:bachelorarbeit,
	title = {Algorithmen für regelmässige Kettenbrüche},
	url = {http://www.mathematik.uni-kassel.de/~koepf/Diplome/Scheel.pdf},
	date = {2005-10},
	year = {2005},
	month = {10},
	day = {?}
}
