%
% references.bib -- Bibliography file for the paper quadratur
%
% (c) 2020 Autor, Hochschule Rapperswil
%

@online{quadratur:bibtex,
	title = {BibTeX},
	url = {https://de.wikipedia.org/wiki/BibTeX},
	date = {2020-02-06},
	year = {2020},
	month = {2},
	day = {6}
}

@online{quadratur:wikipedia-orthogonality,
	title = {Orthogonalität},
	url = {https://de.wikipedia.org/wiki/Orthogonalit%C3%A4t},
	date = {2020-06-09},
	year = {2020},
	month = {6},
	day = {9}
}

@online{quadratur:wikipedia-orthogonale-polynome,
	title = {Orthogonale Polynome},
	url = {https://de.wikipedia.org/wiki/Orthogonale_Polynome},
	date = {2019-08-08},
	year = {2019},
	month = {8},
	day = {8}
}

@online{quadratur:mathworld-orthogonal-polynomials,
	title = {Orthogonale Polynome},
	url = {https://mathworld.wolfram.com/OrthogonalPolynomials.html}
}

@book{quadratur:numerical-methods,
	title = {Numerical Methods in Engineering with Python, second edition},
	author = {Jaan Kiusalaas},
	publisher = {Cambridge University Press},
	year = {2010},
	isbn = {978-0-511-19132-6}
}
@book{quadratur:numerical-analysis,
	title = {Numerical Analysis},
	author = {David Kincaid and Ward Cheney},
	publisher = {American Mathematical Society},
	year = {2002},
	isbn = {978-8-8218-4788-6},
	inseries = {Pure and applied undegraduate texts},
	volume = {2}
}

@article{quadratur:mendezmueller,
        author = { Tabea Méndez and Andreas Müller },
        title = { Noncommutative harmonic analysis and image registration },
        journal = { Appl. Comput. Harmon. Anal.},
        year = 2019,
        volume = 47,
        pages = {607--627},
        url = {https://doi.org/10.1016/j.acha.2017.11.004}
}

