%
% references.bib -- Bibliography file for the paper steps
%
% (c) 2020 Autor, Hochschule Rapperswil
%

@online{steps:bibtex,
	title = {BibTeX},
	url = {https://de.wikipedia.org/wiki/BibTeX},
	date = {2020-02-06},
	year = {2020},
	month = {2},
	day = {6}
}

@book{steps:Numerische-Mathematik,
	title = {Numerische Mathematik},
	author = {Hans Rudolf Schwarz und Norbert Köckler},
	publisher = {Vieweg+Teubner},
	year = {2011},
	isbn = {978-3-8348-1551-4}
}

@article{steps:mendezmueller,
        author = { Tabea Méndez and Andreas Müller },
        title = { Noncommutative harmonic analysis and image registration },
        journal = { Appl. Comput. Harmon. Anal.},
        year = 2019,
        volume = 47,
        pages = {607--627},
        url = {https://doi.org/10.1016/j.acha.2017.11.004}
}

